<record><leader>00000cas a22000007a 4500</leader><controlfield tag="001">26911178</controlfield><controlfield tag="008">921104d189u1963ctuwr ne      0    0eng d</controlfield><datafield ind1=" " ind2=" " tag="010"><subfield code="a">sn 92051490 </subfield></datafield><datafield ind1=" " ind2=" " tag="040"><subfield code="a">CNW</subfield><subfield code="b">eng</subfield><subfield code="c">CNW</subfield><subfield code="d">OCLCQ</subfield></datafield><datafield ind1=" " ind2=" " tag="042"><subfield code="a">msc</subfield></datafield><datafield ind1="0" ind2=" " tag="130"><subfield code="a">Rockville leader (Rockville, Conn.)</subfield></datafield><datafield ind1="1" ind2="4" tag="245"><subfield code="a">The Rockville leader.</subfield></datafield><datafield ind1=" " ind2=" " tag="260"><subfield code="a">Rockville, Conn. :</subfield><subfield code="b">Rady &amp; Brown</subfield></datafield><datafield ind1=" " ind2=" " tag="300"><subfield code="a">v.</subfield></datafield><datafield ind1=" " ind2=" " tag="310"><subfield code="a">Weekly,</subfield><subfield code="b">Mar. 7, 1939-1963</subfield></datafield><datafield ind1=" " ind2=" " tag="321"><subfield code="a">Weekly,</subfield><subfield code="b">&lt;May-Sept. 1898&gt;</subfield></datafield><datafield ind1=" " ind2=" " tag="321"><subfield code="a">Semiweekly,</subfield><subfield code="b">&lt;Jan. 10, 1902&gt;-Mar. 3, 1939</subfield></datafield><datafield ind1="0" ind2=" " tag="362"><subfield code="a">-v. 85, no. 31 (Aug. 8, 1963).</subfield></datafield><datafield ind1=" " ind2=" " tag="530"><subfield code="a">Available on microfilm from Recordak and Joseph Merritt &amp; Co., Hartford, Conn.</subfield></datafield><datafield ind1=" " ind2=" " tag="588"><subfield code="a">Description based on: Vol. 21, no. 17 (May 5, 1898).</subfield></datafield><datafield ind1=" " ind2="4" tag="651"><subfield code="a">Rockville (Conn.)</subfield><subfield code="v">Newspapers.</subfield></datafield><datafield ind1=" " ind2="4" tag="651"><subfield code="a">Vernon (Conn.)</subfield><subfield code="v">Newspapers.</subfield></datafield><datafield ind1=" " ind2="4" tag="651"><subfield code="a">Tolland County (Conn.)</subfield><subfield code="v">Newspapers.</subfield></datafield><datafield ind1=" " ind2=" " tag="752"><subfield code="a">United States</subfield><subfield code="b">Connecticut</subfield><subfield code="c">Tolland</subfield><subfield code="d">Rockville.</subfield></datafield><datafield ind1="0" ind2="0" tag="780"><subfield code="t">Tolland County leader</subfield><subfield code="w">(DLC)sn 92051489</subfield></datafield><datafield ind1="0" ind2="0" tag="785"><subfield code="t">Leader (Rockville, Conn.)</subfield><subfield code="w">(DLC)sn 92051491</subfield></datafield><datafield ind1="1" ind2=" " tag="029"><subfield code="a">AU@</subfield><subfield code="b">000020741480</subfield></datafield></record>